<?xml version="1.0" encoding="UTF-8"?><record xmlns="http://www.loc.gov/MARC21/slim" xmlns:cinclude="http://apache.org/cocoon/include/1.0" xmlns:zs="http://www.loc.gov/zing/srw/">
  <leader>00608nz  a2200169n  4500</leader>
  <controlfield tag="001">n 2011034431</controlfield>
  <controlfield tag="003">DLC</controlfield>
  <controlfield tag="005">20110524075636.0</controlfield>
  <controlfield tag="008">110523n| acannaabn          |b aaa      </controlfield>
  <datafield tag="010" ind1=" " ind2=" ">
    <subfield code="a">n 2011034431</subfield>
  </datafield>
  <datafield tag="040" ind1=" " ind2=" ">
    <subfield code="a">DLC</subfield>
    <subfield code="b">eng</subfield>
    <subfield code="c">DLC</subfield>
  </datafield>
  <datafield tag="100" ind1="0" ind2=" ">
    <subfield code="a">Chunt, Khandyn,</subfield>
    <subfield code="d">1925-</subfield>
  </datafield>
  <datafield tag="400" ind1="0" ind2=" ">
    <subfield code="a">Чунт, Хандын,</subfield>
    <subfield code="d">1925</subfield>
  </datafield>
  <datafield tag="400" ind1="0" ind2=" ">
    <subfield code="a">Khandyn Chunt,</subfield>
    <subfield code="d">1925-</subfield>
  </datafield>
  <datafield tag="400" ind1="0" ind2=" ">
    <subfield code="a">Хандын Чунт,</subfield>
    <subfield code="d">1925-</subfield>
  </datafield>
  <datafield tag="667" ind1=" " ind2=" ">
    <subfield code="a">Non-Latin script references not evaluated.</subfield>
  </datafield>
  <datafield tag="670" ind1=" " ind2=" ">
    <subfield code="a">Chingis Khaany ankhny altan sharmal zoos, 2005:</subfield>
    <subfield code="b">t.p. (Хандын Чунт = Khandyn Chunt) p. 85 (b. 1925 in Dundgovʹ Aĭmag, Saĭnt︠s︡agaan Sum)</subfield>
  </datafield>
</record>